<?xml version="1.0" encoding="UTF-8"?><collection xmlns="http://www.loc.gov/MARC21/slim"><record><leader>00445nam--2200181-u-4500</leader><controlfield tag="001">000052953</controlfield><controlfield tag="002">20161230</controlfield><controlfield tag="005">20161230201050</controlfield><controlfield tag="008">101130s1000------------r-----000-0-rus-d</controlfield><datafield ind1=" " ind2=" " tag="040"><subfield code="a">IFIN-HH</subfield></datafield><datafield ind1=" " ind2=" " tag="041"><subfield code="a">rus</subfield></datafield><datafield ind1=" " ind2=" " tag="080"><subfield code="a">539.19</subfield></datafield><datafield ind1="1" ind2=" " tag="100"><subfield code="a">Maiant, L. S</subfield></datafield><datafield ind1="1" ind2="0" tag="245"><subfield code="a">Teoria i rascet kolebanii molekul</subfield><subfield code="c">L.s. maiant</subfield></datafield><datafield ind1=" " ind2=" " tag="260"><subfield code="a">Moskva</subfield><subfield code="b">Akademii Nauk Sssr</subfield><subfield code="c">1960</subfield></datafield><datafield ind1=" " ind2=" " tag="300"><subfield code="a">526P</subfield></datafield><datafield ind1=" " ind2=" " tag="852"><subfield code="a">7328</subfield><subfield code="c">535.33</subfield></datafield><datafield ind1=" " ind2=" " tag="CAT"><subfield code="a">Sys</subfield><subfield code="c">20101130</subfield><subfield code="h">145021</subfield></datafield></record></collection>